<?xml version="1.0" encoding="UTF-8"?><collection xmlns="http://www.loc.gov/MARC21/slim"><record><leader>00629nam--2200181-i-4500</leader><controlfield tag="001">000009410</controlfield><controlfield tag="002">20161230</controlfield><controlfield tag="005">20161230201028</controlfield><controlfield tag="008">060222s1000------------r-----000-0-fre-d</controlfield><datafield ind1=" " ind2=" " tag="040"><subfield code="a">IFIN-HH</subfield></datafield><datafield ind1=" " ind2=" " tag="041"><subfield code="a">fre</subfield></datafield><datafield ind1=" " ind2=" " tag="080"><subfield code="a">539.17(043):539.144</subfield></datafield><datafield ind1="1" ind2=" " tag="100"><subfield code="a">Ader, Bertrand</subfield></datafield><datafield ind1="1" ind2="0" tag="245"><subfield code="a">Etude de la desintegration par capture elec- tronique des isotopes 175 et 177 du tungstene schemas de niveaux des isotopes 175 et 177 du tantale, interpretes dans le cadre du modele de nilsson</subfield><subfield code="b">These</subfield><subfield code="c">Bertrand ader</subfield></datafield><datafield ind1=" " ind2=" " tag="260"><subfield code="a">Orsay</subfield><subfield code="b">Universite De Paris</subfield><subfield code="c">1969</subfield></datafield><datafield ind1=" " ind2=" " tag="300"><subfield code="a">64 P</subfield></datafield><datafield ind1=" " ind2=" " tag="852"><subfield code="a">33567</subfield><subfield code="c">539.17</subfield></datafield><datafield ind1=" " ind2=" " tag="CAT"><subfield code="a">Sys</subfield><subfield code="c">20120607</subfield><subfield code="h">094331</subfield></datafield></record></collection>